@String(PAMI = {IEEE Trans. Pattern Anal. Mach. Intell.})
@String(IJCV = {Int. J. Comput. Vis.})
@String(CVPR= {IEEE Conf. Comput. Vis. Pattern Recog.})
@String(ICCV= {Int. Conf. Comput. Vis.})
@String(ECCV= {Eur. Conf. Comput. Vis.})
@String(NIPS= {Adv. Neural Inform. Process. Syst.})
@String(ICPR = {Int. Conf. Pattern Recog.})
@String(BMVC= {Brit. Mach. Vis. Conf.})
@String(TOG= {ACM Trans. Graph.})
@String(TIP  = {IEEE Trans. Image Process.})
@String(TVCG  = {IEEE Trans. Vis. Comput. Graph.})
@String(TMM  = {IEEE Trans. Multimedia})
@String(ACMMM= {ACM Int. Conf. Multimedia})
@String(ICME = {Int. Conf. Multimedia and Expo})
@String(ICASSP=	{ICASSP})
@String(ICIP = {IEEE Int. Conf. Image Process.})
@String(ACCV  = {ACCV})
@String(ICLR = {Int. Conf. Learn. Represent.})
@String(IJCAI = {IJCAI})
@String(PR   = {Pattern Recognition})
@String(AAAI = {AAAI})
@String(CVPRW= {IEEE Conf. Comput. Vis. Pattern Recog. Worksh.})
@String(CSVT = {IEEE Trans. Circuit Syst. Video Technol.})

@String(SPL	= {IEEE Sign. Process. Letters})
@String(VR   = {Vis. Res.})
@String(JOV	 = {J. Vis.})
@String(TVC  = {The Vis. Comput.})
@String(JCST  = {J. Comput. Sci. Tech.})
@String(CGF  = {Comput. Graph. Forum})
@String(CVM = {Computational Visual Media})


@String(PAMI  = {IEEE TPAMI})
@String(IJCV  = {IJCV})
@String(CVPR  = {CVPR})
@String(ICCV  = {ICCV})
@String(ECCV  = {ECCV})
@String(NIPS  = {NeurIPS})
@String(ICPR  = {ICPR})
@String(BMVC  =	{BMVC})
@String(TOG   = {ACM TOG})
@String(TIP   = {IEEE TIP})
@String(TVCG  = {IEEE TVCG})
@String(TCSVT = {IEEE TCSVT})
@String(TMM   =	{IEEE TMM})
@String(ACMMM = {ACM MM})
@String(ICME  =	{ICME})
@String(ICASSP=	{ICASSP})
@String(ICIP  = {ICIP})
@String(ACCV  = {ACCV})
@String(ICLR  = {ICLR})
@String(IJCAI = {IJCAI})
@String(PR = {PR})
@String(AAAI = {AAAI})
@String(CVPRW= {CVPRW})
@String(CSVT = {IEEE TCSVT})



@article{9356353,
  author={Minaee, Shervin and Boykov, Yuri and Porikli, Fatih and Plaza, Antonio and Kehtarnavaz, Nasser and Terzopoulos, Demetri},
  journal={IEEE Transactions on Pattern Analysis and Machine Intelligence}, 
  title={Image Segmentation Using Deep Learning: A Survey}, 
  year={2022},
  volume={44},
  number=1,
  pages={3523-3542},
  keywords={Image segmentation;Computer architecture;Semantics;Deep learning;Computational modeling;Generative adversarial networks;Logic gates;Image segmentation;deep learning;convolutional neural networks;encoder-decoder models;recurrent models;generative models;semantic segmentation;instance segmentation;panoptic segmentation;medical image segmentation},
  doi={10.1109/TPAMI.2021.3059968}
}

@misc{medium_article_1,
    author = {Abhishek Jain},
    number = 1,
    note = {Semantic vs instance vs panoptic segmentation on medium \href{https://medium.com/@abhishekjainindore24/semantic-vs-instance-vs-panoptic-segmentation-b1f5023da39f}{Link}}
}

% cite kaggle competition
@misc{kaggle_competition,
    title = {SenNet + HOA - Hacking the Human Vasculature in 3D},
    note = {Kaggle competition \href{https://www.kaggle.com/competitions/blood-vessel-segmentation?utm_medium=email&utm_source=gamma&utm_campaign=comp-hubmap4-2024}{Link}}
}

@inproceedings{long2015fcn,
  title={Fully convolutional networks for semantic segmentation},
  author={Long, Jonathan and Shelhamer, Evan and Darrell, Trevor},
  booktitle={Proceedings of the IEEE Conference on Computer Vision and Pattern Recognition},
  pages={3431--3440},
  year={2015}
}

@article{zhou2019unet++,
  title={UNet++: A nested U-Net architecture for medical image segmentation},
  author={Zhou, Zongwei and Siddiquee, Md Mahfuzur Rahman and Tajbakhsh, Nima and Liang, Jianming},
  journal={Deep learning in medical image analysis and multimodal learning for clinical decision support},
  year={2019}
}

@inproceedings{chen2018deeplabv3+,
  title={Encoder-decoder with atrous separable convolution for semantic image segmentation},
  author={Chen, Liang-Chieh and Zhu, Yukun and Papandreou, George and Schroff, Florian and Adam, Hartwig},
  booktitle={Proceedings of the European Conference on Computer Vision (ECCV)},
  pages={801--818},
  year={2018}
}

@INPROCEEDINGS{7780719,
  author={Cordts, Marius and Omran, Mohamed and Ramos, Sebastian and Rehfeld, Timo and Enzweiler, Markus and Benenson, Rodrigo and Franke, Uwe and Roth, Stefan and Schiele, Bernt},
  booktitle={2016 IEEE Conference on Computer Vision and Pattern Recognition (CVPR)}, 
  title={The Cityscapes Dataset for Semantic Urban Scene Understanding}, 
  year={2016},
  volume={},
  number={},
  pages={3213-3223},
  keywords={Urban areas;Semantics;Visualization;Benchmark testing;Vehicles;Training;Complexity theory},
  doi={10.1109/CVPR.2016.350}
}

@misc{pascal_voc_dataset,
    number = 1,
    note = {PASCAL VOC available online \href{http://host.robots.ox.ac.uk/pascal/VOC/voc2012/}{here}}
}

@misc{chen2021transunettransformersmakestrong,
      title={TransUNet: Transformers Make Strong Encoders for Medical Image Segmentation}, 
      author={Jieneng Chen and Yongyi Lu and Qihang Yu and Xiangde Luo and Ehsan Adeli and Yan Wang and Le Lu and Alan L. Yuille and Yuyin Zhou},
      year={2021},
      eprint={2102.04306},
      archivePrefix={arXiv},
      primaryClass={cs.CV},
      url={https://arxiv.org/abs/2102.04306}, 
}

@misc{xie2021segformersimpleefficientdesign,
      title={SegFormer: Simple and Efficient Design for Semantic Segmentation with Transformers}, 
      author={Enze Xie and Wenhai Wang and Zhiding Yu and Anima Anandkumar and Jose M. Alvarez and Ping Luo},
      year={2021},
      eprint={2105.15203},
      archivePrefix={arXiv},
      primaryClass={cs.CV},
      url={https://arxiv.org/abs/2105.15203}, 
}

@misc{cheng2021perpixelclassificationneedsemantic,
      title={Per-Pixel Classification is Not All You Need for Semantic Segmentation}, 
      author={Bowen Cheng and Alexander G. Schwing and Alexander Kirillov},
      year={2021},
      eprint={2107.06278},
      archivePrefix={arXiv},
      primaryClass={cs.CV},
      url={https://arxiv.org/abs/2107.06278}, 
}

@misc{lu2020graphfcnimagesemanticsegmentation,
      title={Graph-FCN for image semantic segmentation}, 
      author={Yi Lu and Yaran Chen and Dongbin Zhao and Jianxin Chen},
      year={2020},
      eprint={2001.00335},
      archivePrefix={arXiv},
      primaryClass={cs.CV},
      url={https://arxiv.org/abs/2001.00335}, 
}

@ARTICLE{9103557,

  author={Lu, Yi and Chen, Yaran and Zhao, Dongbin and Liu, Bao and Lai, Zhichao and Chen, Jianxin},

  journal={IEEE Transactions on Cognitive and Developmental Systems}, 

  title={CNN-G: Convolutional Neural Network Combined With Graph for Image Segmentation With Theoretical Analysis}, 

  year={2021},

  volume={13},

  number={3},

  pages={631-644},

  keywords={Image segmentation;Feature extraction;Semantics;Image edge detection;Deep learning;Convolutional neural networks;Graph neural network (GNN);image segmentation;self-attention;structure pattern learning},

  doi={10.1109/TCDS.2020.2998497}}
